@book{vasilescu2006electronic,
  title={Electronic noise and interfering signals: principles and applications},
  author={Vasilescu, Gabriel},
  year={2006},
  publisher={Springer}
}

@phdthesis{Mazin,
    author  = "Benjamin A. Mazin",
    title   = "Microwave Kinetic Inductance Detectors",
    year    = "2004",
    school  = "California Institute of Technology",
}

@phdthesis{Geerlings,
    author  = "Kurtis L. Geerlings",
    title   = "Improving Coherence of Superconducting Qubits and Resonators",
    year    = "2013",
    school  = "Yale University",
}

@phdthesis{Barends,
    author = "Rami Barends",
    title = "Photon-detecting superconducting resonators",
    year = "2009",
    school = "Delft University of Technology"
}

@phdthesis{Gao,
    author = "Jiansong Gao",
    title = "The Physics of Superconducting Microwave Resonators",
    year = "2008",
    school = "California Institute of Technology"
}

@phdthesis{Lutchyn,
    author = "Roman M. Lutchyn",
    title = "Kinetics of Superconducting Quantum Circuits",
    year = "2007",
    school = "University of Minnesota"
}

@phdthesis{Sears,
    author = "Adam P. Sears",
    title = "Extending Coherence in Superconducting Qubits: from microseconds to milliseconds",
    year = "2013",
    school = "Yale University"
}

@phdthesis{Reed,
    author = "Matthew D. Reed",
    title = "Entanglement and Quantum Error Correction with Superconducting Qubits",
    year = "2013",
    school = "Yale University"
}

@phdthesis{Chow,
    author  = "Jerry M. Chow",
    title   = "Quantum Information Processing with Superconducting Qubits",
    year    = "2010",
    school  = "Yale University",
}

@phdthesis{Bishop,
    author = "Lev Samuel Bishop",
    title = "Circuit Quantum Electrodynamics",
    year = "2010",
    school = "Yale University"
}

@article{vissers2012reduced,
  title={Reduced microwave loss in trenched superconducting coplanar waveguides},
  author={Vissers, Michael R and Kline, Jeffrey S and Gao, Jiansong and Wisbey, David S and Pappas, David P},
  journal={Applied Physics Letters},
  volume={100},
  number={8},
  pages={082602},
  year={2012},
  publisher={AIP Publishing}
}

@article{abdo2006nonlinear,
  title={Nonlinear dynamics in the resonance line shape of NbN superconducting resonators},
  author={Abdo, Baleegh and Segev, Eran and Shtempluck, Oleg and Buks, Eyal},
  journal={Physical Review B},
  volume={73},
  number={13},
  pages={134513},
  year={2006},
  publisher={APS}
}

@article{burnett2013evidence,
  title={Evidence for interacting two-level systems from the 1/f noise of a superconducting resonator},
  author={Burnett, J and Faoro, L and Wisby, I and Gurtovoi, VL and Chernykh, AV and Mikhailov, GM and Tulin, VA and Shaikhaidarov, R and Antonov, V and Meeson, PJ and others},
  journal={arXiv preprint arXiv:1311.1655},
  year={2013}
}

@article{martinis2014ucsb,
  title={UCSB final report for the CSQ program: Review of decoherence and materials physics for superconducting qubits},
  author={Martinis, John M and Megrant, A},
  journal={arXiv preprint arXiv:1410.5793},
  year={2014}
}

@article{wenner2011surface,
  title={Surface loss simulations of superconducting coplanar waveguide resonators},
  author={Wenner, J and Barends, R and Bialczak, RC and Chen, Yu and Kelly, J and Lucero, Erik and Mariantoni, Matteo and Megrant, A and Oâ€™Malley, PJJ and Sank, D and others},
  journal={Applied Physics Letters},
  volume={99},
  number={11},
  pages={113513},
  year={2011},
  publisher={AIP Publishing}
}

@article{gao2008experimental,
  title={Experimental evidence for a surface distribution of two-level systems in superconducting lithographed microwave resonators},
  author={Gao, Jiansong and Daal, Miguel and Vayonakis, Anastasios and Kumar, Shwetank and Zmuidzinas, Jonas and Sadoulet, Bernard and Mazin, Benjamin A and Day, Peter K and Leduc, Henry G},
  journal={Applied Physics Letters},
  volume={92},
  number={15},
  pages={152505--152505},
  year={2008},
  publisher={AIP}
}

@article{sage2011study,
  title={Study of loss in superconducting coplanar waveguide resonators},
  author={Sage, Jeremy M and Bolkhovsky, Vladimir and Oliver, William D and Turek, Benjamin and Welander, Paul B},
  journal={Journal of Applied Physics},
  volume={109},
  number={6},
  pages={063915},
  year={2011},
  publisher={AIP Publishing}
}

@article{khalil2011loss,
  title={Loss dependence on geometry and applied power in superconducting coplanar resonators},
  author={Khalil, Moe S and Wellstood, FC and Osborn, Kevin D},
  journal={Applied Superconductivity, IEEE Transactions on},
  volume={21},
  number={3},
  pages={879--882},
  year={2011},
  publisher={IEEE}
}

@article{denlinger1969radiation,
  title={Radiation from Microstrip Resonators (Correspondence)},
  author={Denlinger, EJ},
  journal={Microwave Theory and Techniques, IEEE Transactions on},
  volume={17},
  number={4},
  pages={235--236},
  year={1969},
  publisher={IEEE}
}

@article{barends2008contribution,
  title={Contribution of dielectrics to frequency and noise of NbTiN superconducting resonators},
  author={Barends, R and Hortensius, HL and Zijlstra, T and Baselmans, JJA and Yates, SJC and Gao, JR and Klapwijk, TM},
  journal={Applied Physics Letters},
  volume={92},
  number={22},
  pages={223502},
  year={2008},
  publisher={AIP Publishing}
}


@article{plourde2009microwave,
  title={Microwave Response of Vortices in Superconducting Thin Films of Re and Al},
  author={Plourde, Britton and Song, C and Heitmann, TW and DeFeo, MP and Yu, Kang},
  year={2009}
}

@article{nsanzineza2014trapping,
  title={Trapping a single vortex and reducing quasiparticles in a superconducting resonator},
  author={Nsanzineza, I and Plourde, BLT},
  journal={arXiv preprint arXiv:1405.0256},
  year={2014}
}

@article{motzoi2009simple,
  title={Simple pulses for elimination of leakage in weakly nonlinear qubits},
  author={Motzoi, F and Gambetta, JM and Rebentrost, P and Wilhelm, Frank K},
  journal={Physical review letters},
  volume={103},
  number={11},
  pages={110501},
  year={2009},
  publisher={APS}
}

@article{gottesman1998heisenberg,
  title={The Heisenberg representation of quantum computers},
  author={Gottesman, Daniel},
  journal={arXiv preprint quant-ph/9807006},
  year={1998}
}



@misc{Iulian,
  title = "Understanding Noise figure",
  author = "Iulian Rosu",
  url = "http://www.qsl.net/va3iul/Noise/Understanding%20Noise%20Figure.pdf"
}

@unpublished{DRIE,
  title = "Extending single-photon relaxation time in superconducting resonators by surface treatment and deep etching of silicon substrates",
  author = "Bruno, A. and de Lange, G. and van der Enden, K. and Asaad, S. and Langford, N. and  DiCarlo, L.",
  note = "Unpublished"
}

@book{nielsen2010quantum,
  title={Quantum computation and quantum information},
  author={Nielsen, Michael A and Chuang, Isaac L},
  year={2010},
  publisher={Cambridge university press}
}